@inproceedings{Brito2015,
    author = {Brito, Andrea},
    title = {Nuevas coordenadas para la alfabetización: debates, tensiones y desafíos en el escenario de la cultura digital},
    organization = {UNESCO IIEP Buenos Aires. Oficina para América Latina and Organización de Estados Iberoamericanos para la Educación, la Ciencia y la Cultura},
    address = {Buenos Aires},
    year = {2015},
    url = {https://unesdoc.unesco.org/ark:/48223/pf0000371034.locale=es},
    urldate = {2023-09-14}
}

@incollection{Trejo-Quintana2020,
    author = {Trejo-Quintana, Janneth} ,
    title = {La falta de acceso y aprovechamiento de los medios y las tecnologías: dos deudas de la educación en México},
    booktitle = {Educación y pandemia. Una visión académica},
    organization = {},
    address = {México},
    year = {2020},
    pages = {122-128},
    url = {https://www.iisue.unam.mx/nosotros/covid/educacion-y-pandemia},
    urldate = {2023-09-14}
}

@masterthesis{Sanchez2018,
    author = {Pastor Sánchez, Ignacio},
    title = {Análisis de la Metodolofía STEM a través de la percepción docente},
    school = {Universidad de Valladolid},
    year = {2018},
    url = {http://uvadoc.uva.es/handle/10324/30952},
    urldate = {2023-10-15}
}

@article{Zamorano2018,
    author = {Zamorano Escalona, Tomás and García Cartagena, Yonnhatan and Reyes González, David},
    title = {Educación para el sujeto del siglo XXI: principales características del enfoque STEAM desde la mirada educacional},
    journal = {Contextos: Estudios de Humanidades Y Ciencias Sociales},
    number = "{41}",
    date = {2018-09-14},
    url = {http://revistas.umce.cl/index.php/contextos/article/view/1386},
    urldate = {2023-09-17}
}

@article{Zapatero2011,
    author = {Zapatero Guillén, Daniel},
    title = {La realidad virtual como recurso y herramienta útil para la docencia y la investigación},
    journal = {TEyET},
    number = {6},
    pages = {17-23},
    date = {2011-12-01}
}

@inproceedings{Reacciones_Químicas,
    author = {Rebollo Paz, Jacquelline and Guerra González, María de Lourdes Flores},
    organization = {Instituto Politécnico Nacional, Dirección de Formación e Innovación Educativa, Apoyo Educativo Virtual},
    title = {Reacciones químicas inorgánicas},
    url = {https://www.aev.dfie.ipn.mx/Materia_quimica/temas/tema6/subtema1/subtema1.html},
    urldate = {2024-04-12}
}

@incollection{alfa_nauta,
    author = {Hernández, Josep Lluís and Violant, Albert and Binimelis, Maria Isabel and Gutiérrez, Juan Luis},
    title = {Química},
    booktitle = {alfa nauta - Programa Educativo Temático},
    publisher = {Ediciones Nauta C., S.A.},
    isbn = {84-89140-51-0},
    month = {Apr},
    year = {1997},
    pages = {171-289}
}

@misc{hartshorn2015,
  title = {Guía Breve para la nomenclatura en Química Inorgánica},
  author = {Hartshorn, R. M. and Hellwich, K.-H. and Yerin, A. and Damhus, T. and Hutton, A. T.},
  translator = {Ciriano, M. A. and Román Polo, P.},
  publisher = {International Union of Pure and Applied Chemistry (IUPAC)},
  year = {2015},
  url = {https://iupac.org/wp-content/uploads/2016/07/20151106GuiaBreveNQIEspayol.pdf},
  urldate = {2024-04-15}
}

@manual{Guía_Química_I,
    title = {Guía para la unidad de aprendizaje de Química I},
    author = {Aguilar Segura, Carmen Patricia},
    organization = {Instituto Politécnico Nacional, Centro de Estudios Científicos y Tecnológicos "Wilfrido Massieu Pérez", Academia de Química},
    month = {Aug},
    year = {2011},
    note = {Plan de estudios, 2008, Tercer semestre E.M.S.},
    url = {https://www.ipn.mx/assets/files/cecyt11/docs/Guias/UABasicas/Quimica/quimica-1.pdf},
    urldate = {2024-04-17}
}

@inproceedings{GuiaNomenclaturaQuimica,
  title = {Nomenclatura química inorgánica},
  author = {Elizabeth Osorio Villaseñor},
  organization = {Instituto Politécnico Nacional, Dirección de Formación e Innovación Educativa, Apoyo Educativo Virtual},
  url = {https://www.aev.dfie.ipn.mx/Materia_quimica/temas/tema5/subtema2/subtema2.html},
  urldate = {2024-04-12}
}

@misc{Fernando2021,
  author = {García Mata, Fernando},
  title = {Leyes Ponderales},
  type = {PDF},
  course = {Química General I},
  institution = {Facultad de Química, UNAM, Departamento de Química Inorgánica y Nuclear},
  year = {2021},
  url = {https://drive.google.com/file/d/1knpRauxNInB-RMNJuajqGzBiA4q_qQcb/view}
}

@online{Blender_Documentation,
    title = {Blender Documentation},
    author = {{Blender Foundation}},
    year = {2024},
    url = {https://docs.blender.org/},
    urldate = {2024-04-29}
}

@online{Maya_Documentation,
    title = {Documentación de Maya},
    author = {{Autodesk Support}},
    year = {2023},
    url = {https://www.autodesk.es/support/technical/article/caas/tsarticles/tsarticles/ESP/ts/lC3jaffqnWFyQoLPEPm7n.html},
    urldate = {2024-04-29}
}

@online{Zbrush_Documentation,
    title = {Maxon ZBrush Documentation},
    author = {Maxon},
    year = {2024},
    url = {https://help.maxon.net/zbr/en-us/},
    urldate = {2024-04-29}
}

@online{Gimp_Documentation,
    title = {GIMP Documentation},
    author = {{GIMP Team}},
    year = {2024},
    url = {https://www.gimp.org/docs/},
    urldate = {2024-05-03}
}

@online{Inkscape_Documentation,
    title = {Inkscape Documentation},
    author = {{Inkscape Community}},
    year = {2024},
    url = {https://gitlab.com/inkscape/inkscape-docs/documentation},
    urldate = {2024-05-03}
}

@online{Ilustrator_User_Guide,
    title = {Adobe Illustrator User Guide},
    author = {{Adobe Inc.}},
    year = {2024},
    url = {https://helpx.adobe.com/mx/illustrator/user-guide.html},
    urldate = {2024-05-03}
}

@article{Importancia_de_los_laboratorios_virtuales,
    author = {Triana Ortiz and Karla Nathalia and Diana Carolina Herrera Muñoz and Winie Naideth Mesa Mendoza.},
    title = {Importancia de los laboratorios remotos y virtuales en la educación superior},
    journal = {wpecbti},
    year = {2020},
    month = {Aug},
    number = {1},
    volume = {1},
    doi = {10.22490/ECBTI.3976.}
}

@book{Cinetica_Quimica_Basica,
    author = {H. E. Avery},
    title = {Basic Reaction Kinetics and Mechanisms},
    publisher = {The Macmillan Press Ltd},
    year = {1974},
    isbn = {978-0-333-15381-9},
    doi = {10.1007/978-1-349-15520-0}
}

@article{Estequiometria,
    author = {Gómez Chávez. Lizeth},
    title = {Stoichiometry},
    journal = {PREPA3},
    year = {2023},
    month = {Jan},
    pages = {58-59},
    volume = {10},
    number = {19}
}

@online{QSM,
    title = {Function Point Languages Table},
    author = {{Quantitative Software Management}},
    year = {2024},
    url = {https://www.qsm.com/resources/function-point-languages-table},
    urldate = {2024-05-25}
}

@book{VR-Book,
    author = {Jason Jerald} ,
    title = {The VR Book: Human-Centered Design for Virtual Reality},
    publisher = {ACM Books},
    year = {2016},
    isbn = {978-1-97000-112-9}
}

@book{Simulación,
    author = {Coss Bú, Raúl},
    title = {Simulación - Un enfoque práctico},
    publisher = {Editorial Limusa S.A. de C.V.},
    year = {2003},
    isbn = {968-18-1506-8},
    country = {México}
}

@online{ScriptableObject,
    title = {ScriptableObject},
    author = {Unity Technologies},
    year = {2016},
    url = {https://docs.unity3d.com/es/530/Manual/class-ScriptableObject.html},
    urldate = {2024-05-25}
}